%%%%%%%%%%%CITAS AYD
%%%%%%Citas ayd
@article{olah2018high,
  title={High-definition and low-noise muography of the Sakurajima volcano with gaseous tracking detectors},
  author={Ol{\'a}h, L{\'a}szl{\'o} and Tanaka, Hiroyuki KM and Ohminato, Takao and Varga, Dezs{\H{o}}},
  journal={Scientific reports},
  volume={8},
  number={1},
  pages={1--13},
  year={2018},
  publisher={Nature Publishing Group}
}

@PHDTHESIS{jesusP,
  author =       "Jesús Peña Rodríguez",
  title =        "{Diseño y calibración de un telescopio de muones híbrido para estudios
vulcanológicos.}",
  school =       "Facultad de Ciencias. Escuela de Física. Universidad Industrial de Santander",
  year =         "2020",
  type =         "",
  month =        "",
}

@article{tanabashi2018review,
  title={Review of particle physics},
  author={Tanabashi, Masaharu and Hagiwara, K and Hikasa, K and Nakamura, K and Sumino, Y and Takahashi, F and Tanaka, J and Agashe, K and Aielli, G and Amsler, C and others},
  journal={Physical Review D},
  volume={98},
  number={3},
  pages={030001},
  year={2018},
  publisher={American Physical Society}
}

@article {pena2019calibration,
  title = {Calibración y primeras mediciones de MuTe: un telescopio muón híbrido para estructuras geológicas},
  author = {Pe{\~n}a-Rod{r\'i}guez, Jes{\'u}s y V{\'a}squez-Ram {\'i}rez, Adriana y Sanabria G{\'o}mez, Jos{\'e} D y N{\'u}{\~n}ez, Luis A y Sierra-Porta, David y Asorey, Hern{\'a}n},
  journal = {arXiv preprint arXiv: 1909.09732},
  año = {2019}
}

@article{inproceedings,
author = {Peña Jesus and Vásquez-Ramírez, Adriana and Sanabria Gomez, Jose David and Nunez, Luis and Sierra Porta, David and Asorey, Hernán and Madison, U},
year = {2019},
month = {09},
pages = {},
title = {Calibration and first measurements of MuTe: a hybrid Muon Telescope for geological structures}
}

@article{procureur2018muon,
  title={Muon imaging: Principles, technologies and applications},
  author={Procureur, S},
  journal={Nuclear Instruments and Methods in Physics Research Section A: Accelerators, Spectrometers, Detectors and Associated Equipment},
  volume={878},
  pages={169--179},
  year={2018},
  publisher={Elsevier}
}
@article{olah2017investigation,
  title={Investigation of background sources of muography},
  author={Ol{\'a}h, Laszlo and Varga, Dezso and Tanaka, Hiroyuki},
  journal={PoS},
  pages={347},
  year={2017},
  publisher={SISSA}
}

@article{bonechi2020atmospheric,
  title={Atmospheric muons as an imaging tool},
  author={Bonechi, Lorenzo and D’Alessandro, Raffaello and Giammanco, Andrea},
  journal={Reviews in Physics},
  pages={100038},
  year={2020},
  publisher={Elsevier}
}
@article{george1955cosmic,
  title={Cosmic rays measure overburden of tunnel},
  author={George, EP},
  journal={Commonwealth Engineer},
  volume={455},
  year={1955}
}
@article{tanabashi2018review,
  title={Review of particle physics},
  author={Tanabashi, Masaharu and Hagiwara, K and Hikasa, K and Nakamura, K and Sumino, Y and Takahashi, F and Tanaka, J and Agashe, K and Aielli, G and Amsler, C and others},
  journal={Physical Review D},
  volume={98},
  number={3},
  pages={030001},
  year={2018},
  publisher={American Physical Society}
}
@article{perez2005modelos,
  title={Modelos gr{\'a}ficos probabil{\'\i}sticos para la clasificaci{\'o}n supervisada empleando la estimaci{\'o}n basada en kernels Gaussianos esf{\'e}ricos},
  author={P{\'e}rez, Aritz and Larranaga, Pedro and Inza, Inaki},
  journal={III Taller Nacional de Miner{\'\i}a de Datos y Aprendizaje},
  pages={125--134},
  year={2005}
}

@article{bene2013air,
  title={Air shower simulation for background estimation in muon tomography of volcanoes},
  author={B{\'e}n{\'e}, S and Boivin, Pierre and Busato, Emmanuel and C{\^a}rloganu, C and Combaret, C and Dupieux, P and Fehr, F and Gay, Pascal and Labazuy, Philippe and Laktineh, I and others},
  year={2013}
}

@article{nishiyama2014experimental,
  title={Experimental study of source of background noise in muon radiography using emulsion film detectors},
  author={Nishiyama, R and Miyamoto, S and Naganawa, N},
  journal={Geoscientific Instrumentation, Methods and Data Systems},
  volume={3},
  number={1},
  pages={29--39},
  year={2014},
  publisher={Copernicus GmbH}
}

@article{olah2017investigation,
  title={Investigation of soft component in cosmic ray detection},
  author={Ol{\'a}h, L{\'a}szl{\'o} and Varga, Dezs{\H{o}}},
  journal={Astroparticle Physics},
  volume={93},
  pages={17--27},
  year={2017},
  publisher={Elsevier}
}

@article{kusagaya2015muographic,
  title={Muographic imaging with a multi-layered telescope and its application to the study of the subsurface structure of a volcano},
  author={Kusagaya, Taro and Tanaka, Hiroyuki KM},
  journal={Proceedings of the Japan Academy, Series B},
  volume={91},
  number={9},
  pages={501--510},
  year={2015},
  publisher={The Japan Academy}
}
@book{la2018cosmic,
  title={Cosmic ray muons as penetrating probes to explore the world around us},
  author={La Rocca, Paola and Presti, Domenico Lo and Riggi, Francesco},
  year={2018},
  publisher={InTechOpen}
}
@article{gomez2017forward,
  title={Forward scattering effects on muon imaging},
  author={G{\'o}mez, H and Gibert, D and Goy, C and Jourde, K and Karyotakis, Y and Katsanevas, S and Marteau, J and Rosas-Carbajal, M and Tonazzo, A},
  journal={Journal of Instrumentation},
  volume={12},
  number={12},
  pages={P12018},
  year={2017},
  publisher={IOP Publishing}
}
@article{nishiyama2016monte,
  title={Monte Carlo simulation for background study of geophysical inspection with cosmic-ray muons},
  author={Nishiyama, Ryuichi and Taketa, Akimichi and Miyamoto, Seigo and Kasahara, Katsuaki},
  journal={Geophysical Journal International},
  volume={206},
  number={2},
  pages={1039--1050},
  year={2016},
  publisher={Oxford University Press}
}
@article{jourde2013effects,
  title={Effects of upward-going cosmic muons on density radiography of volcanoes},
  author={Jourde, Kevin and Gibert, Dominique and Marteau, Jacques and D'ars, J and Gardien, Serge and Girerd, Claude and Ianigro, J-C and Carbone, Daniele},
  journal={arXiv preprint arXiv:1307.6758},
  year={2013}
}
@article{jourde2013experimental,
  title={Experimental detection of upward going cosmic particles and consequences for correction of density radiography of volcanoes},
  author={Jourde, Kevin and Gibert, Dominique and Marteau, Jacques and de Bremond d'Ars, Jean and Gardien, Serge and Girerd, Claude and Ianigro, J-C and Carbone, Daniele},
  journal={Geophysical Research Letters},
  volume={40},
  number={24},
  pages={6334--6339},
  year={2013},
  publisher={Wiley Online Library}
}
@article{marteau2017diaphane,
  title={DIAPHANE: muon tomography applied to volcanoes, civil engineering, archaelogy},
  author={Marteau, Jacques and de Bremond d'Ars, Jean and Gibert, Dominique and Jourde, Kevin and Ianigro, J-C and Carlus, Bruno},
  journal={Journal of Instrumentation},
  volume={12},
  number={02},
  pages={C02008},
  year={2017},
  publisher={IOP Publishing}
}
%%%%%%%%%%%%%%%%%%%%%%%%%%%%%%%%%%%%%%%%%%%%%%%%%%%%%%%%%%%
@mastersthesis{Villafrades2019,
  author       = {J. S\'anchez-Villafrades}, 
  title        = {Dise\~no e implementaci\'on de un sistema para la caracterizaci\'on de los SiPM del Telescopio de Muones {(MuTe)}},
  school       = {Universidad Industrial de Santander},
  type  =   {Tesis de pregrado},
  year         = 2019
}

@mastersthesis{Calderon2019,
  author       = {R. Calder\'on-Ardila}, 
  title        = {Estudio de centelladores pl\'asticos en el proyecto {MuTe} para muograf\'ia de volcanes},
  school       = {Universidad Industrial de Santander},
  type  =   {Tesis de maestría},
  year         = 2017
}

@article{Bozza2017,
  title = {Nuclear emulsion techniques for muography},
  volume = {60},
  ISSN = {2037-416X},
  url = {http://doi.org/10.4401/ag-7384},
  DOI = {10.4401/ag-7384},
  number = {1},
  journal = {Annals of Geophysics},
  publisher = {Istituto Nazionale di Geofisica e Vulcanologia,  INGV},
  author = {C. Bozza and L. Consiglio and N. D’Ambrosio and G. De Lellis and C. De Sio and S. Miyamoto and R. Nishiyama and C. Sirignano and S. Stellacci and P. Strolin and et al.},
  year = {2017},
  month = Feb
}

@mastersthesis{Leon2017,
  author       = {S. Hern\'andez-Barajas and F. Le\'on-Carre{\~n}o}, 
  title        = {Procedimiento de Instalaci\'on, calibraci\'on y sincronizaci\'on del arreglo de detectores Cherenkov (GUANE).},
  school       = {Universidad Industrial de Santander},
  type  =   {Tesis de pregrado},
  year         = 2017
}

@article{Anghel2015,
  doi = {10.1016/j.nima.2015.06.054},
  url = {https://doi.org/10.1016/j.nima.2015.06.054},
  year = {2015},
  month = oct,
  publisher = {Elsevier {BV}},
  volume = {798},
  pages = {12--23},
  author = {V. Anghel and J. Armitage and F. Baig and K. Boniface and K. Boudjemline and J. Bueno and E. Charles and P-L. Drouin and A. Erlandson and G. Gallant and R. Gazit and D. Godin and V.V. Golovko and C. Howard and R. Hydomako and C. Jewett and G. Jonkmans and Z. Liu and A. Robichaud and T.J. Stocki and M. Thompson and D. Waller},
  title = {A plastic scintillator-based muon tomography system with an integrated muon spectrometer},
  journal = {Nuclear Instruments and Methods in Physics Research Section A: Accelerators,  Spectrometers,  Detectors and Associated Equipment}
}

@article{Nishiyama2016,
  doi = {10.1093/gji/ggw191},
  url = {https://doi.org/10.1093/gji/ggw191},
  year = {2016},
  month = may,
  publisher = {Oxford University Press ({OUP})},
  volume = {206},
  number = {2},
  pages = {1039--1050},
  author = {Ryuichi Nishiyama and Akimichi Taketa and Seigo Miyamoto and Katsuaki Kasahara},
  title = {Monte Carlo simulation for background study of geophysical inspection with cosmic-ray muons},
  journal = {Geophysical Journal International}
}

@incollection{Annunziata2012,
  doi = {10.1016/b978-0-12-384873-4.00001-3},
  url = {https://doi.org/10.1016/b978-0-12-384873-4.00001-3},
  year = {2012},
  publisher = {Elsevier},
  pages = {1--162},
  author = {Michael F. L{\textquotesingle}Annunziata},
  title = {Radiation Physics and Radionuclide Decay},
  booktitle = {Handbook of Radioactivity Analysis}
}

@article{Groom2001,
  doi = {10.1006/adnd.2001.0861},
  url = {https://doi.org/10.1006/adnd.2001.0861},
  year  = {2001},
  month = {jul},
  publisher = {Elsevier {BV}},
  volume = {78},
  number = {2},
  pages = {183--356},
  author = {D. E. Groom and N. V. Mokhov and S. I. Striganov},
  title = {Muon Stopping Power and Range Tables 10 {MeV}{\textendash}100 {TeV}},
  journal = {Atomic Data and Nuclear Data Tables}
}

@book{Nagamine2003, 
  place={Cambridge}, 
  title={Introductory Muon Science}, 
  DOI={10.1017/CBO9780511470776}, 
  publisher={Cambridge University Press}, 
  author={K. Nagamine}, 
  year={2003}
}

@article{Lippmann2012,
  doi = {10.1016/j.nima.2011.03.009},
  url = {https://doi.org/10.1016/j.nima.2011.03.009},
  year  = {2012},
  month = {feb},
  publisher = {Elsevier {BV}},
  volume = {666},
  pages = {148--172},
  author = {C. Lippmann},
  title = {Particle identification},
  journal = {Nuclear Instruments and Methods in Physics Research Section A: Accelerators,  Spectrometers,  Detectors and Associated Equipment}
}

@article{Williams2012,
  doi = {10.1088/0954-3899/39/12/123001},
  url = {https://doi.org/10.1088/0954-3899/39/12/123001},
  year  = {2012},
  month = {oct},
  publisher = {{IOP} Publishing},
  volume = {39},
  number = {12},
  pages = {123001},
  author = {M. C. Williams},
  title = {Particle identification using time of flight},
  journal = {Journal of Physics G: Nuclear and Particle Physics}
}


@article{Genat2009,
  doi = {10.1016/j.nima.2009.05.193},
  url = {https://doi.org/10.1016/j.nima.2009.05.193},
  year  = {2009},
  month = {aug},
  publisher = {Elsevier {BV}},
  volume = {607},
  number = {2},
  pages = {387--393},
  author = {J. F. Genat and G. Varner and F. Tang and H. Frisch},
  title = {Signal processing for picosecond resolution timing measurements},
  journal = {Nuclear Instruments and Methods in Physics Research Section A: Accelerators,  Spectrometers,  Detectors and Associated Equipment}
}

@book{Best2015,
  doi = {},
  url = {},
  year  = {2015},
  publisher = {South Carolina Honors College},
  author = {J. Best},
  title = {Momentum of particles from time of flight measurements}
}

@mastersthesis{Motta2018,
  author       = {A. Jaimes-Motta}, 
  title        = {Estimación de la respuesta de un detector Cherenkov de agua al fondo de rayos cósmicos en Bucaramanga},
  school       = {Universidad Industrial de Santander},
  type  =   {Tesis de pregrado},
  year         = 2018
}


@mastersthesis{Vasquez2018,
  author       = {A. Vasquez-Ramírez}, 
  title        = {Estimación de la respuesta generada por el detector MuTe al paso de partículas cargadas},
  school       = {Universidad Industrial de Santander},
  type  =   {Tesis de maestría},
  year         = 2018
}


@mastersthesis{Vesga2018,
  author       = {A. Vesga-Ramírez}, 
  title        = {Inversión geofísica a partir de datos de muongrafía volcánica para el proyecto MuTe},
  school       = {Universidad Industrial de Santander},
  type  =   {Tesis de maestría},
  year         = 2018
}


@mastersthesis{Valencia2016,
  author       = {M. Valencia-Otero}, 
  title        = {Estudio de los componentes de secundarios en cascadas originadas por rayos cósmicos para aplicaciones sobre estructuras geológicas},
  school       = {Universidad Industrial de Santander},
  type  =   {Tesis de pregrado},
  year         = 2016
}


@book{Kolanoski2016,
  doi = {10.1007/978-3-662-45350-6},
  url = {https://doi.org/10.1007/978-3-662-45350-6},
  year  = {2016},
  publisher = {Springer Berlin Heidelberg},
  author = {H. Kolanoski and N. Wermes},
  title = {Teilchendetektoren}
}

@article{Sato2015,
  doi = {10.1371/journal.pone.0144679},
  url = {https://doi.org/10.1371/journal.pone.0144679},
  year  = {2015},
  month = {dec},
  publisher = {Public Library of Science ({PLoS})},
  volume = {10},
  number = {12},
  pages = {e0144679},
  author = {Tatsuhiko Sato},
  editor = {Qinghui Zhang},
  title = {Analytical Model for Estimating Terrestrial Cosmic Ray Fluxes Nearly Anytime and Anywhere in the World: Extension of {PARMA}/{EXPACS}},
  journal = {{PLOS} {ONE}}
}

@article{Mangeard2016,
  doi = {10.1002/2016ja022638},
  url = {https://doi.org/10.1002/2016ja022638},
  year  = {2016},
  month = {aug},
  publisher = {American Geophysical Union ({AGU})},
  volume = {121},
  number = {8},
  pages = {7435--7448},
  author = {P.S. Mangeard and D. Ruffolo and A. S{\'{a}}iz and S. Madlee and T. Nutaro},
  title = {Monte Carlo simulation of the neutron monitor yield function},
  journal = {Journal of Geophysical Research: Space Physics}
}

@MISC{Reyna2006,
    author = {D. Reyna},
    title = {A Simple Parameterization of the Cosmic-Ray Muon Momentum Spectra at the Surface as a Function of Zenith Angle},
    year = {2006}
}

@article{Klinger2015,
  doi = {10.1016/j.ijggc.2015.09.010},
  url = {https://doi.org/10.1016/j.ijggc.2015.09.010},
  year  = {2015},
  month = {nov},
  publisher = {Elsevier {BV}},
  volume = {42},
  pages = {644--654},
  author = {J. Klinger and S.J. Clark and M. Coleman and J.G. Gluyas and V.A. Kudryavtsev and D.L. Lincoln and S. Pal and S.M. Paling and N.J.C. Spooner and S. Telfer and L.F. Thompson and D. Woodward},
  title = {Simulation of muon radiography for monitoring {CO} 2  stored in a geological reservoir},
  journal = {International Journal of Greenhouse Gas Control}
}

@inproceedings{Zhong2016,
  title={A case study of using cosmic ray muons to monitor supercritical CO 2 migration in 1 geological formations 1 2},
  author={J. Zhong and X. Jiang},
  year={2016}
}

@article{Zhong2015,
  doi = {10.1016/j.egypro.2015.07.423},
  url = {https://doi.org/10.1016/j.egypro.2015.07.423},
  year  = {2015},
  month = {aug},
  publisher = {Elsevier {BV}},
  volume = {75},
  pages = {2299--2304},
  author = {J. Zhong and J. Yi and Q. Xie and X. Jiang},
  title = {A Feasibility Study of using Cosmic Ray Muons to Monitor Supercritical {CO}2 Migration in Geological Formations},
  journal = {Energy Procedia}
}

@article{Marteau2012,
  doi = {10.1111/j.1365-246x.2012.05546.x},
  url = {https://doi.org/10.1111/j.1365-246x.2012.05546.x},
  year  = {2012},
  month = {jun},
  publisher = {Oxford University Press ({OUP})},
  volume = {190},
  number = {2},
  pages = {1008--1019},
  author = {N. Lesparre and D. Gibert and J. Marteau and J. C. Komorowski and F.Nicollin and O. Coutant},
  title = {Density muon radiography of La Soufri{\`{e}}re of Guadeloupe volcano: comparison with geological,  electrical resistivity and gravity data},
  journal = {Geophysical Journal International}
}

@article{Nishiyama2014,
  doi = {10.5194/gi-3-29-2014},
  url = {https://doi.org/10.5194/gi-3-29-2014},
  year  = {2014},
  month = {apr},
  publisher = {Copernicus {GmbH}},
  volume = {3},
  number = {1},
  pages = {29--39},
  author = {R. Nishiyama and S. Miyamoto and N. Naganawa},
  title = {Experimental study of source of background noise in muon radiography using emulsion film detectors},
  journal = {Geoscientific Instrumentation,  Methods and Data Systems}
}

@article{KUSAGAYA2015,
  doi = {10.2183/pjab.91.501},
  url = {https://doi.org/10.2183/pjab.91.501},
  year  = {2015},
  publisher = {Japan Academy},
  volume = {91},
  number = {9},
  pages = {501--510},
  author = {T. Kusagaya and H. K. Tanaka},
  title = {Muographic imaging with a multi-layered telescope and its application to the study of the subsurface structure of a volcano},
  journal = {Proceedings of the Japan Academy,  Series B}
}

@article{Jourde2016,
  doi = {10.1038/srep23054},
  url = {https://doi.org/10.1038/srep23054},
  year  = {2016},
  month = {mar},
  publisher = {Springer Nature},
  volume = {6},
  number = {1},
  author = {K. Jourde and D. Gibert and J. Marteau and J. de Bremond d'Ars and S. Gardien and C. Girerd and J. C. Ianigro},
  title = {Monitoring temporal opacity fluctuations of large structures with muon radiography: a calibration experiment using a water tower},
  journal = {Scientific Reports}
}

@article{Shi2014,
  doi = {10.1088/1748-0221/9/12/c12038},
  url = {https://doi.org/10.1088/1748-0221/9/12/c12038},
  year  = {2014},
  month = {dec},
  publisher = {{IOP} Publishing},
  volume = {9},
  number = {12},
  pages = {C12038--C12038},
  author = {L. Shi and Y. Wang and X. Huang and X. Wang and W. Zhu and Y. Li and J. Cheng},
  title = {A high time and spatial resolution {MRPC} designed for muon tomography},
  journal = {Journal of Instrumentation}
}

@article{Nishiyama2017,
  doi = {10.1002/2017gl073599},
  url = {https://doi.org/10.1002/2017gl073599},
  year  = {2017},
  month = {jun},
  publisher = {American Geophysical Union ({AGU})},
  volume = {44},
  number = {12},
  pages = {6244--6251},
  author = {R. Nishiyama and A. Ariga and T. Ariga and S. K\"{a}ser and A. Lechmann and D. Mair and P. Scampoli and M. Vladymyrov and A. Ereditato and F. Schlunegger},
  title = {First measurement of ice-bedrock interface of alpine glaciers by cosmic muon radiography},
  journal = {Geophysical Research Letters}
}

@article{Lechmann2018,
  doi = {10.5194/se-2018-46},
  url = {https://doi.org/10.5194/se-2018-46},
  year  = {2018},
  month = {jun},
  publisher = {Copernicus {GmbH}},
  pages = {1--22},
  author = {A. Lechmann and D. Mair and A. Ariga and T. Ariga and A. Ereditato and R. Nishiyama and C. Pistillo and P. Scampoli and F. Schlunegger and M. Vladymyrov},
  title = {The effect of rock composition on muon tomography measurements},
  journal = {Solid Earth Discussions}
}


@article{Olh2013,
  doi = {10.1155/2013/560192},
  url = {https://doi.org/10.1155/2013/560192},
  year  = {2013},
  publisher = {Hindawi Limited},
  volume = {2013},
  pages = {1--7},
  author = {L. Ol{\'{a}}h and G. G{\'{a}}bor Barnaf\"{o}ldi and G. Hamar and H. G. Melegh and G. Sur{\'{a}}nyi and D. Varga},
  title = {Cosmic Muon Detection for Geophysical Applications},
  journal = {Advances in High Energy Physics}
}

@article{Ariga2018,
  doi = {10.3390/instruments2020007},
  url = {https://doi.org/10.3390/instruments2020007},
  year  = {2018},
  month = {apr},
  publisher = {{MDPI} {AG}},
  volume = {2},
  number = {2},
  pages = {7},
  author = {A. Ariga and T. Ariga and A. Ereditato and S. K\"{a}ser and A. Lechmann and D. Mair and R. Nishiyama and C. Pistillo and P. Scampoli and F. Schlunegger and M. Vladymyrov},
  title = {A Nuclear Emulsion Detector for the Muon Radiography of a Glacier Structure},
  journal = {Instruments}
}

@article{Carbone2013,
  doi = {10.1093/gji/ggt403},
  url = {https://doi.org/10.1093/gji/ggt403},
  year  = {2013},
  month = {oct},
  publisher = {Oxford University Press ({OUP})},
  volume = {196},
  number = {2},
  pages = {633--643},
  author = {D. Carbone and D. Gibert and J. Marteau and M. Diament and L. Zuccarello and E. Galichet},
  title = {An experiment of muon radiography at Mt Etna (Italy)},
  journal = {Geophysical Journal International}
}

@article{Saracino2017,
  doi = {10.1038/s41598-017-01277-3},
  url = {https://doi.org/10.1038/s41598-017-01277-3},
  year  = {2017},
  month = {apr},
  publisher = {Springer Nature},
  volume = {7},
  number = {1},
  author = {G. Saracino and L. Amato and F. Ambrosino and G. Antonucci and L. Bonechi and L. Cimmino and L. Consiglio and R. D.' Alessandro and E. De Luzio and G. Minin and P. Noli and L. Scognamiglio and P. Strolin and A. Varriale},
  title = {Imaging of underground cavities with cosmic-ray muons from observations at Mt. Echia (Naples)},
  journal = {Scientific Reports}
}

@article{George1955,
author="George, E. P.",
title="Cosmic rays measure overburden of tunnel",
journal="Common wealth Engineer",
ISSN="",
publisher="",
year="1955",
month="",
volume="455",
number="",
pages="",
URL="https://ci.nii.ac.jp/naid/10029015947/en/",
DOI="",
}

@article{Ariga2018,
  doi = {10.3390/instruments2020007},
  url = {https://doi.org/10.3390/instruments2020007},
  year  = {2018},
  month = {apr},
  publisher = {{MDPI} {AG}},
  volume = {2},
  number = {2},
  pages = {7},
  author = {Akitaka Ariga and Tomoko Ariga and Antonio Ereditato and Samuel K\"{a}ser and Alessandro Lechmann and David Mair and Ryuichi Nishiyama and Ciro Pistillo and Paola Scampoli and Fritz Schlunegger and Mykhailo Vladymyrov},
  title = {A Nuclear Emulsion Detector for the Muon Radiography of a Glacier Structure},
  journal = {Instruments}
}

@article{Marteau2014,
  doi = {10.1088/0957-0233/25/3/035101},
  url = {https://doi.org/10.1088/0957-0233/25/3/035101},
  year  = {2014},
  month = {feb},
  publisher = {{IOP} Publishing},
  volume = {25},
  number = {3},
  pages = {035101},
  author = {J. Marteau and J. B. d'Ars and D. Gibert and K. Jourde and S. Gardien and C. Girerd and J. C. Ianigro},
  title = {Implementation of sub-nanosecond time-to-digital convertor in field-programmable gate array: applications to time-of-flight analysis in muon radiography},
  journal = {Measurement Science and Technology}
}

@article{Bene2013,
author = {Béné, Samuel and Boivin, Pierre and Busato, Emmanuel and Cârloganu, Cristina and Combaret, C and Dupieux, P and Fehr, F and Gay, P and Labazuy, Philippe and Laktineh, Imad and Lénat, Jean-François and Miallier, D and Mirabito, L and Niess, V and Portal, Angélie and Vulpescu, B},
title = {Volcano radiography with GRPCs},
journal = {Proccedings of CHEF},
year = {2013},
month = {apr},
pages = {}
}


@Article{Nishiyama2014Noise,
AUTHOR = {Nishiyama, R. and Miyamoto, S. and Naganawa, N.},
TITLE = {Experimental study of source of background noise in muon radiography using emulsion film detectors},
JOURNAL = {Geoscientific Instrumentation, Methods and Data Systems},
VOLUME = {3},
YEAR = {2014},
NUMBER = {1},
PAGES = {29--39},
URL = {https://www.geosci-instrum-method-data-syst.net/3/29/2014/},
DOI = {10.5194/gi-3-29-2014}
}

@article{Gomez2017,
  doi = {10.1088/1748-0221/12/12/p12018},
  url = {https://doi.org/10.1088/1748-0221/12/12/p12018},
  year  = {2017},
  month = {dec},
  publisher = {{IOP} Publishing},
  volume = {12},
  number = {12},
  pages = {P12018--P12018},
  author = {H. G{\'{o}}mez and D. Gibert and C. Goy and K. Jourde and Y. Karyotakis and S. Katsanevas and J. Marteau and M. Rosas-Carbajal and A. Tonazzo},
  title = {Forward scattering effects on muon imaging},
  journal = {Journal of Instrumentation}
}

@book{Spurio2015,
  doi = {10.1007/978-3-319-08051-2},
  url = {https://doi.org/10.1007/978-3-319-08051-2},
  year  = {2015},
  publisher = {Springer International Publishing},
  author = {M. Spurio},
  title = {Particles and Astrophysics}
}

@book{Grieder2010,
  doi = {10.1007/978-3-540-76941-5},
  url = {https://doi.org/10.1007/978-3-540-76941-5},
  year  = {2010},
  publisher = {Springer Berlin Heidelberg},
  author = {P. K. Grieder},
  title = {Extensive Air Showers and High Energy Phenomena}
}

@article{Pierre2017,
  doi = {10.1126/science.aan4338},
  url = {https://doi.org/10.1126/science.aan4338},
  year  = {2017},
  month = {sep},
  publisher = {American Association for the Advancement of Science ({AAAS})},
  volume = {357},
  number = {6357},
  pages = {1266--1270},
 author = {Pierre Auger Collaboration},
  title = {Observation of a large-scale anisotropy in the arrival directions of cosmic rays above 8 x 10 18 eV},
  journal = {Science}
}


@article{Haungs2011,
  author={A. Haungs and others},
  title={KCDC — The KASCADE Cosmic-ray Data Centre},
  journal={Journal of Physics: Conference Series},
  volume={632},
  number={1},
  pages={012011},
  url={http://stacks.iop.org/1742-6596/632/i=1/a=012011},
  year={2015},
  }
}

@article{Fujii2013,
  doi = {10.1093/ptep/ptt046},
  url = {https://doi.org/10.1093/ptep/ptt046},
  year  = {2013},
  month = {jul},
  publisher = {Oxford University Press ({OUP})},
  volume = {2013},
  number = {7},
  author = {H. Fujii and K. Hara and S. Hashimoto and F. Ito and H. Kakuno and S.H. Kim and M. Kochiyama and K. Nagamine and A. Suzuki and Y. Takada and Y. Takahashi and F. Takasaki and S. Yamashita},
  title = {Performance of a remotely located muon radiography system to identify the inner structure of a nuclear plant},
  journal = {Progress of Theoretical and Experimental Physics}
}

@article{Saracino2017,
  doi = {10.1038/s41598-017-01277-3},
  url = {https://doi.org/10.1038/s41598-017-01277-3},
  year  = {2017},
  month = {apr},
  publisher = {Springer Nature},
  volume = {7},
  number = {1},
  author = {G. Saracino and L. Amato and F. Ambrosino and G. Antonucci and L. Bonechi and L. Cimmino and L. Consiglio and R. D.' Alessandro and E. De Luzio and G. Minin and P. Noli and L. Scognamiglio and P. Strolin and A. Varriale},
  title = {Imaging of underground cavities with cosmic-ray muons from observations at Mt. Echia (Naples)},
  journal = {Scientific Reports}
}

@article{Morishima2017,
  doi = {10.1038/nature24647},
  url = {https://doi.org/10.1038/nature24647},
  year  = {2017},
  month = {nov},
  publisher = {Springer Nature},
  volume = {552},
  number = {7685},
  pages = {386--390},
  author = {K. Morishima and others},
  title = {Discovery of a big void in Khufu's Pyramid by observation of cosmic-ray muons},
  journal = {Nature}
}

@article{Gmez2016,
  doi = {10.1088/1742-6596/718/5/052016},
  url = {https://doi.org/10.1088/1742-6596/718/5/052016},
  year  = {2016},
  month = {may},
  publisher = {{IOP} Publishing},
  volume = {718},
  pages = {052016},
  author = {H. G{\'{o}}mez and C. Carloganu and D. Gibert and J. Jacquemier and Y. Karyotakis and J. Marteau and V. Niess and S. Katsanevas and A. Tonazzo},
  title = {Studies on muon tomography for archaeological internal structures scanning},
  journal = {Journal of Physics: Conference Series}
}


@article{Alvarez1970,
  doi = {10.1126/science.167.3919.832},
  url = {https://doi.org/10.1126/science.167.3919.832},
  year  = {1970},
  month = {feb},
  publisher = {American Association for the Advancement of Science ({AAAS})},
  volume = {167},
  number = {3919},
  pages = {832--839},
  author = {L. W. Alvarez and J. A. Anderson and F. E. Bedwei and J. Burkhard and A. Fakhry and A. Girgis and A. Goneid and F. Hassan and D. Iverson and G. Lynch and Z. Miligy and A. H. Moussa and M. Sharkawi and L. Yazolino},
  title = {Search for Hidden Chambers in the Pyramids},
  journal = {Science}
}

@article{Procureur2018,
  doi = {10.1016/j.nima.2017.08.004},
  url = {https://doi.org/10.1016/j.nima.2017.08.004},
  year  = {2018},
  month = {jan},
  publisher = {Elsevier {BV}},
  volume = {878},
  pages = {169--179},
  author = {S. Procureur},
  title = {Muon imaging: Principles,  technologies and applications},
  journal = {Nuclear Instruments and Methods in Physics Research Section A: Accelerators,  Spectrometers,  Detectors and Associated Equipment}
}

@article{Kedar2013,
  doi = {10.5194/gi-2-157-2013},
  url = {https://doi.org/10.5194/gi-2-157-2013},
  year  = {2013},
  month = {jun},
  publisher = {Copernicus {GmbH}},
  volume = {2},
  number = {1},
  pages = {157--164},
  author = {S. Kedar and H. K. M. Tanaka and C. J. Naudet and C. E. Jones and J. P. Plaut and F. H. Webb},
  title = {Muon radiography for exploration of Mars geology},
  journal = {Geoscientific Instrumentation,  Methods and Data Systems}
}

@article{Blanpied2015,
  doi = {10.1016/j.nima.2014.11.027},
  url = {https://doi.org/10.1016/j.nima.2014.11.027},
  year  = {2015},
  month = {jun},
  publisher = {Elsevier {BV}},
  volume = {784},
  pages = {352--358},
  author = {G. Blanpied and S. Kumar and D. Dorroh and C. Morgan and I. Blanpied and M. Sossong and S. McKenney and B. Nelson},
  title = {Material discrimination using scattering and stopping of cosmic ray muons and electrons: Differentiating heavier from lighter metals as well as low-atomic weight materials},
  journal = {Nuclear Instruments and Methods in Physics Research Section A: Accelerators,  Spectrometers,  Detectors and Associated Equipment}
}

@article{Cecchini2012,
  doi = {10.5194/gi-1-185-2012},
  url = {https://doi.org/10.5194/gi-1-185-2012},
  year  = {2012},
  month = {nov},
  publisher = {Copernicus {GmbH}},
  volume = {1},
  number = {2},
  pages = {185--196},
  author = {S. Cecchini and M. Spurio},
  title = {Atmospheric muons: experimental aspects},
  journal = {Geoscientific Instrumentation,  Methods and Data Systems}
}

@article{Olive2014,
  doi = {10.1088/1674-1137/38/9/090001},
  url = {https://doi.org/10.1088/1674-1137/38/9/090001},
  year = {2014},
  month = aug,
  publisher = {{IOP} Publishing},
  volume = {38},
  number = {9},
  pages = {090001},
  author = {K. A. Olive},
  title = {Review of Particle Physics},
  journal = {Chinese Physics C}
}

@article{Catalano2016,
  doi = {10.1016/j.nima.2015.10.065},
  url = {https://doi.org/10.1016/j.nima.2015.10.065},
  year  = {2016},
  month = {jan},
  publisher = {Elsevier {BV}},
  volume = {807},
  pages = {5--12},
  author = {O. Catalano and M. Del Santo and T. Mineo and G. Cusumano and M.C. Maccarone and G. Pareschi},
  title = {Volcanoes muon imaging using Cherenkov telescopes},
  journal = {Nuclear Instruments and Methods in Physics Research Section A: Accelerators,  Spectrometers,  Detectors and Associated Equipment}
}

@inproceedings{Furlan2013,
  doi = {10.1109/animma.2013.6728043},
  url = {https://doi.org/10.1109/animma.2013.6728043},
  year  = {2013},
  month = {jun},
  publisher = {{IEEE}},
  author = {M. Furlan and A. Rigoni and S. Vanini and G. Zumerle and P. Checchia and L. Cossutta and G. Bettella and P. Zanuttigh and P. Calvini and L. Dassa and A. Donzella and G. Bonomi and A. Zenoni},
  title = {Application of muon tomography to detect radioactive sources hidden in scrap metal containers},
  booktitle = {2013 3rd International Conference on Advancements in Nuclear Instrumentation,  Measurement Methods and their Applications ({ANIMMA})}
}

@article{PesenteEtal2009,
  doi = {10.1016/j.nima.2009.03.017},
  url = {https://doi.org/10.1016/j.nima.2009.03.017},
  year  = {2009},
  month = {jun},
  publisher = {Elsevier {BV}},
  volume = {604},
  number = {3},
  pages = {738--746},
  author = {S. Pesente and S. Vanini and M. Benettoni and G. Bonomi and P. Calvini and P. Checchia and E. Conti and F. Gonella and G. Nebbia and S. Squarcia and G. Viesti and A. Zenoni and G. Zumerle},
  title = {First results on material identification and imaging with a large-volume muon tomography prototype},
  journal = {Nuclear Instruments and Methods in Physics Research Section A: Accelerators,  Spectrometers,  Detectors and Associated Equipment}
}

@article{anastasio2013mu,
  title={The MU-RAY experiment. An application of SiPM technology to the understanding of volcanic phenomena},
  author={Anastasio, A and Ambrosino, F and Basta, D and Bonechi, L and Brianzi, M and Bross, A and Callier, S and Cassese, F and Castellini, G and Ciaranfi, R },
  journal={Nuclear Instruments and Methods in Physics Research Section A: Accelerators, Spectrometers, Detectors and Associated Equipment},
  volume={718},
  pages={134--137},
  year={2013},
  publisher={Elsevier}
}

@article{NAGAMINE2016,
  doi = {10.2183/pjab.92.265},
  url = {https://doi.org/10.2183/pjab.92.265},
  year  = {2016},
  publisher = {Japan Academy},
  volume = {92},
  number = {8},
  pages = {265--289},
  author = {K. Nagamine},
  title = {Radiography with cosmic-ray and compact accelerator muons: Exploring inner-structure of large-scale objects and landforms},
  journal = {Proceedings of the Japan Academy,  Series B}
}

@article{Sehgal2016,
      author         = "Sehgal, R.",
      title          = "{Simulations and Track Reconstruction for Muon Tomography
                        using Resistive Plate Chambers}",
      booktitle      = "{Proceedings, 61st DAE-BRNS Symposium on Nuclear Physics:
                        Kolkata, India, 5-9 December 2016}",
      journal        = "DAE Symposium in Nuclear Physics",
      volume         = "61",
      year           = "2016",
      pages          = "1034-1035",
      SLACcitation   = "%%CITATION = INSPIRE-1603850;%%"
}

@article{Fujii2013,
  doi = {10.1093/ptep/ptt046},
  url = {https://doi.org/10.1093/ptep/ptt046},
  year  = {2013},
  month = {jul},
  publisher = {Oxford University Press ({OUP})},
  volume = {2013},
  number = {7},
  author = {H. Fujii and K. Hara and S. Hashimoto and F. Ito and H. Kakuno and S.H. Kim and M. Kochiyama and K. Nagamine and A. Suzuki and Y. Takada and Y. Takahashi and F. Takasaki and S. Yamashita},
  title = {Performance of a remotely located muon radiography system to identify the inner structure of a nuclear plant},
  journal = {Progress of Theoretical and Experimental Physics}
}

@article{Bouteille2016,
  doi = {10.1016/j.nima.2016.08.002},
  url = {https://doi.org/10.1016/j.nima.2016.08.002},
  year  = {2016},
  month = {oct},
  publisher = {Elsevier {BV}},
  volume = {834},
  pages = {223--228},
  author = {S. Bouteille and D. Atti{\'{e}} and P. Baron and D. Calvet and P. Magnier and I. Mandjavidze and S. Procureur and M. Riallot and M. Winkler},
  title = {A Micromegas-based telescope for muon tomography: The {WatTo} experiment},
  journal = {Nuclear Instruments and Methods in Physics Research Section A: Accelerators,  Spectrometers,  Detectors and Associated Equipment}
}

@article{Nagamine1995,
  doi = {10.1016/0168-9002(94)01169-9},
  url = {https://doi.org/10.1016/0168-9002(94)01169-9},
  year  = {1995},
  month = {mar},
  publisher = {Elsevier {BV}},
  volume = {356},
  number = {2-3},
  pages = {585--595},
  author = {K. Nagamine and M. Iwasaki and K. Shimomura and K. Ishida},
  title = {Method of probing inner-structure of geophysical substance with the horizontal cosmic-ray muons and possible application to volcanic eruption prediction},
  journal = {Nuclear Instruments and Methods in Physics Research Section A: Accelerators,  Spectrometers,  Detectors and Associated Equipment}
}

@article{Fehr2012,
  author={F. Fehr and the Tomuvol Collaboration},
  title={Density imaging of volcanos with atmospheric muons},
  journal={Journal of Physics: Conference Series},
  volume={375},
  number={5},
  pages={052019},
  url={http://stacks.iop.org/1742-6596/375/i=5/a=052019},
  year={2012},
  abstract={Their long range in matter renders high-energy atmospheric muons a unique probe for geophysical explorations, permitting the cartography of density distributions which can reveal spatial and possibly also temporal variations in extended geological structures. A Collaboration between volcanologists and (astro-)particle physicists, TOMUVOL, was formed in 2009 to study tomographic muon imaging of volcanos with high-resolution tracking detectors. Here we discuss preparatory work towards muon tomography as well as the first flux measurements taken at the Puy de Dôme, an inactive lava dome volcano in the Massif Central.}
}

@article{Aguiar2015,
  doi = {10.1109/tns.2015.2431297},
  url = {https://doi.org/10.1109/tns.2015.2431297},
  year  = {2015},
  month = {jun},
  publisher = {Institute of Electrical and Electronics Engineers ({IEEE})},
  volume = {62},
  number = {3},
  pages = {1233--1238},
  author = {P. Aguiar and E. Casarejos and J. Silva-Rodriguez and J. A. Vilan and A. Iglesias},
  title = {Geant4-{GATE} Simulation of a Large Plastic Scintillator for Muon Radiography},
  journal = {{IEEE} Transactions on Nuclear Science}
}

@article{Tang2016,
  doi = {10.1088/1674-1137/40/5/056001},
  url = {https://doi.org/10.1088/1674-1137/40/5/056001},
  year  = {2016},
  month = {may},
  publisher = {{IOP} Publishing},
  volume = {40},
  number = {5},
  pages = {056001},
  author = {S. W. Tang and Yu. H. Yu and Y. Zhou and Z. Y. Sun and X. H. Zhang and S. T. Wang and K. Yue and L. X. Liu and F. Fang and D. Yan and Y. Sun and Z. M. Wang},
  title = {A large area plastic scintillation detector with 4-corner-readout},
  journal = {Chinese Physics C}
}

@article{Olh2018,
  doi = {10.1038/s41598-018-21423-9},
  url = {https://doi.org/10.1038/s41598-018-21423-9},
  year  = {2018},
  month = {feb},
  publisher = {Springer Nature},
  volume = {8},
  number = {1},
  author = {L. Ol{\'{a}}h and H. K. Tanaka and T. Ohminato and D. Varga},
  title = {High-definition and low-noise muography of the Sakurajima volcano with gaseous tracking detectors},
  journal = {Scientific Reports}
}

@phdthesis{Best2015,
  author       = {Joseph Best}, 
  title        = {Momentum of particles from Time-of-Flight measurements},
  school       = {South Carolina Honors College},
  year         = {2015},
  address      = {South Carolina},
  month        = {12},
}

@article{Gruttola2014,
  author={D. De Gruttola},
  title={Particle IDentification with the ALICE Time-Of-Flight detector at the LHC},
  journal={Journal of Instrumentation},
  volume={9},
  number={10},
  pages={C10019},
  url={http://stacks.iop.org/1748-0221/9/i=10/a=C10019},
  year={2014},
  abstract={The main physics goal of ALICE (A Large Ion Collider Experiment) is the study of the physics of strongly interacting matter at extreme energy densities, where the formation of a new phase of matter, the Quark-GluonPlasma (QGP), is expected. One of the most important aspect of ALICE is the Particle IDentification (PID) performed by combining different identification techniques. The time measurement with the Time-Of-Flight (TOF) detector, in conjunction with the momentum and track length measured by the tracking detectors is used to calculate the particle mass in the intermediate momentum range from 0.3 up to a few GeV/c. The TOF system covers an area of 141 m 2 and consists of Multi-gap Resistive Plate Chambers (MRPC), that allow excellent performances in terms of intrinsic time resolution (of the order of few tens of ps) and overall efficiency (close to 100%). The ALICE TOF system has shown very stable operation during the first three years of collisions at the LHC, reaching the design goal of 80 ps time resolution. The performance and main physics results will be reported.}
}

@manual{Eljen2016,
    organization  = "Eljen Technology",
    title         = "Wavelength Shifting Plastics",
    year          =  2016,
    month         =  8,    
    note          = "Rev. 1"
}

@manual{Kuraray2018,
    organization  = "Kuraray Co.",
    title         = "Plastic Scintillating Fibers",
    year          =  2018,
    month         =  5,    
    note          = "Rev. 1"
}

@manual{Hamamatsy2018,
    organization  = "Hamamatsu",
    title         = "MPPCs for precision measurement",
    year          =  2018,
    month         =  5,    
    note          = "Rev. 1"
}

@book{Grupen2008,
  Author = {C. Grupen and B. Shwartz},
  Title = {Particle Detectors (Cambridge Monographs on Particle Physics, Nuclear Physics and Cosmology)},
  Publisher = {Cambridge University Press},
  Year = {2008},
  ISBN = {0521840066},
  URL = {https://www.amazon.com/Particle-Detectors-Cambridge-Monographs-Cosmology/dp/0521840066?SubscriptionId=0JYN1NVW651KCA56C102&tag=techkie-20&linkCode=xm2&camp=2025&creative=165953&creativeASIN=0521840066}
}

@book{Kleinknecht2005,
  Author = {K. Kleinknecht},
  Title = {Detektoren für Teilchenstrahlung},
  Publisher = {Vieweg+Teubner Verlag},
  Year = {2005},
  ISBN = {3835100580},
  URL = {https://www.amazon.com/Detektoren-f%C3%87%C2%ACr-Teilchenstrahlung-KONRAD-KLEINKNECHT/dp/B00EZ1NEIA?SubscriptionId=0JYN1NVW651KCA56C102&tag=techkie-20&linkCode=xm2&camp=2025&creative=165953&creativeASIN=B00EZ1NEIA}
}

@article{Str2014,
  doi = {10.1063/1.4863648},
  url = {https://doi.org/10.1063/1.4863648},
  year  = {2014},
  month = {feb},
  publisher = {{AIP} Publishing},
  volume = {85},
  number = {2},
  pages = {023302},
  author = {A. S{\'{o}}t{\'{e}}r and K. Todoroki and T. Kobayashi and D. Barna and D. Horv{\'{a}}th and M. Hori},
  title = {Segmented scintillation detectors with silicon photomultiplier readout for measuring antiproton annihilations},
  journal = {Review of Scientific Instruments}
}

@article{Nishiyama2014,
  doi = {10.5194/gi-3-29-2014},
  url = {https://doi.org/10.5194/gi-3-29-2014},
  year  = {2014},
  month = {apr},
  publisher = {Copernicus {GmbH}},
  volume = {3},
  number = {1},
  pages = {29--39},
  author = {R. Nishiyama and S. Miyamoto and N. Naganawa},
  title = {Experimental study of source of background noise in muon radiography using emulsion film detectors},
  journal = {Geoscientific Instrumentation,  Methods and Data Systems}
}

@article{Cimmino2017,
  title = {The MURAVES telescope front-end electronics and data acquisition},
  volume = {60},
  ISSN = {2037-416X},
  url = {http://doi.org/10.4401/ag-7379},
  DOI = {10.4401/ag-7379},
  number = {1},
  journal = {Annals of Geophysics},
  publisher = {Istituto Nazionale di Geofisica e Vulcanologia,  INGV},
  author = {L. Cimmino and F. Ambrosino and L. Bonechi and R. Ciaranfi and R. D’Alessandro and V. Masone and N. Mori and P. Noli and G. Saracino and P. Strolin},
  year = {2017},
  month = {Feb}
}

@phdthesis{Cimmino2014,
      author         = "Cimmino, Luigi",
      title          = "{Inner Imaging of Large Structures Using Cosmic Muons :
                        Design, Assembly and Commisioning of a Muon Telesope}",
      school         = "Naples U.",
      year           = "2014",
      url            = "http://www.fedoa.unina.it/id/eprint/9998",
      SLACcitation   = "%%CITATION = INSPIRE-1351540;%%"
}



@article{SofoHaro2016,
  doi = {10.1016/j.nima.2016.02.101},
  url = {https://doi.org/10.1016%2Fj.nima.2016.02.101},
  year  = {2016},
  month = {jun},
  publisher = {Elsevier {BV}},
  volume = {820},
  pages = {34--39},
  author = {M. Sofo Haro and L.H. Arnaldi and W. Alvarez and C. Alvarez and C. Araujo and O. Areso and H. Arnaldi and H. Asorey and M. Audelo and H. Barros and X. Bertou and M. Bonnett and R. Calderon and M. Calderon and A. Campos-Fauth and A. Carrami{\~{n}}ana and E. Carrasco and E. Carrera and D. Cazar and E. Cifuentes and D. Cogollo and R. Conde and J. Cotzomi and S. Dasso and A. De Castro and J. De La Torre and R. De Le{\'{o}}n and A. Estupi{\~{n}}an and A. Galindo and L. Garcia and M. G{\'{o}}mez Berisso and M. Gonz{\'{a}}lez and W. Guevara and A.M. Gulisano and H. Hern{\'{a}}ndez and A. Jaimes and J. L{\'{o}}pez and C. Mantilla and R. Mart{\'{\i}}n and A. Martinez-Mendez and O. Mart{\'{\i}}nez and E. Martins and J.J. Mas{\'{\i}}as-Meza and R. Mayo-Garc{\'{\i}}a and T. Melo and J. Mendoza and P. Miranda and E. Montes and E. Morales and I. Morales and E. Moreno and C. Murrugarra and C. Nina and L.A. N{\'{u}}{\~{n}}ez and A. N{\'{u}}{\~{n}}ez-Casti{\~{n}}eyra and L. Otiniano and J. Pe{\~{n}}a-Rodr{\'{\i}}guez and J. Perenguez and H. P{\'{e}}rez and Y. Perez and G. Perez and S. Pinilla-Velandia and E. Ponce and R. Quishpe and F. Quispe and K. Reyes and H. Rivera and J. Rodriguez and M. Rodr{\'{\i}}guez-Pascual and M. Romero and A.J. Rubio-Montero and H. Salazar and J. Salinas and C. Sarmiento-Cano and I. Sidelnik and M. Sofo Haro and M. Su{\'{a}}rez-Dur{\'{a}}n and M. Subieta and J. Tello and R. Ticona and I. Torres and L. Torres-Ni{\~{n}}o and J. Truyenque and M. Valencia-Otero and S. Vargas and N. V{\'{a}}squez and L. Villasenor and M. Zamalloa and L. Zavala},
  title = {The data acquisition system of the Latin American Giant Observatory ({LAGO})},
  journal = {Nuclear Instruments and Methods in Physics Research Section A: Accelerators,  Spectrometers,  Detectors and Associated Equipment}
}

@manual{sensL2011,
    organization  = "sensL",
    title         = "An Introduction to the Silicon Photomultiplier",
    year          =  2011,
    month         =  10,    
    note          = "Rev. 3.1"
}


@article{Crloganu2013,
  doi = {10.5194/gi-2-55-2013},
  url = {https://doi.org/10.5194/gi-2-55-2013},
  year  = {2013},
  month = {feb},
  publisher = {Copernicus {GmbH}},
  volume = {2},
  number = {1},
  pages = {55--60},
  author = {C. C{\^{a}}rloganu and V. Niess and S. B{\'{e}}n{\'{e}} and E. Busato and P. Dupieux and F. Fehr and P. Gay and D. Miallier and B. Vulpescu and P. Boivin and C. Combaret and P. Labazuy and I. Laktineh and J.-F. L{\'{e}}nat and L. Mirabito and A. Portal},
  title = {Towards a muon radiography of the Puy de D{\^{o}}me},
  journal = {Geoscientific Instrumentation,  Methods and Data Systems}
}


@article{Nishiyama2014,
  doi = {10.1002/2013jb010234},
  url = {https://doi.org/10.1002/2013jb010234},
  year  = {2014},
  month = {jan},
  publisher = {American Geophysical Union ({AGU})},
  volume = {119},
  number = {1},
  pages = {699--710},
  author = {R. Nishiyama and Y. Tanaka and S. Okubo and H. Oshima and H. K. M. Tanaka and T. Maekawa},
  title = {Integrated processing of muon radiography and gravity anomaly data toward the realization of high-resolution 3-D density structural analysis of volcanoes: Case study of Showa-Shinzan lava dome,  Usu,  Japan},
  journal = {Journal of Geophysical Research: Solid Earth}
}

@inproceedings{Bonomi2017,
  doi = {10.22323/1.314.0609},
  url = {https://doi.org/10.22323/1.314.0609},
  year  = {2017},
  month = {oct},
  publisher = {Sissa Medialab},
  author = {Germano Bonomi},
  title = {Progress in Muon Tomography},
  booktitle = {Proceedings of The European Physical Society Conference on High Energy Physics {\textemdash} {PoS}({EPS}-{HEP}2017)}
}


@article{Ambrosi2011,
  doi = {10.1016/j.nima.2010.06.299},
  url = {https://doi.org/10.1016/j.nima.2010.06.299},
  year  = {2011},
  month = {feb},
  publisher = {Elsevier {BV}},
  volume = {628},
  number = {1},
  pages = {120--123},
  author = {G. Ambrosi and others},
  title = {The {MU}-{RAY} project: Volcano radiography with cosmic-ray muons},
  journal = {Nuclear Instruments and Methods in Physics Research Section A: Accelerators,  Spectrometers,  Detectors and Associated Equipment}
}


@article{Ambrosino2017,
  title = {The MURAVES telescope front-end electronics and data acquisition},
  volume = {60},
  ISSN = {1593-5213},
  url = {http://doi.org/10.4401/ag-7379},
  DOI = {10.4401/ag-7379},
  number = {1},
  journal = {Annals of Geophysics},
  publisher = {Istituto Nazionale di Geofisica e Vulcanologia,  INGV},
  author = {Luigi Cimmino and Fabio Ambrosino and Lorenzo Bonechi and Roberto Ciaranfi and Raffaello D’Alessandro and Vincenzo Masone and Nicola Mori and Pasquale Noli and Giulio Saracino and Paolo Strolin},
  year = {2017},
  month = {Feb}
}

@article{RosasCarbajal2017,
  doi = {10.1002/2017gl074285},
  url = {https://doi.org/10.1002/2017gl074285},
  year  = {2017},
  month = {jul},
  publisher = {Wiley-Blackwell},
  volume = {44},
  number = {13},
  pages = {6743--6751},
  author = {M. Rosas-Carbajal and Kevin Jourde and Jacques Marteau and S{\'{e}}bastien Deroussi and Jean-Christophe Komorowski and Dominique Gibert},
  title = {Three-dimensional density structure of La Soufri{\`{e}}re de Guadeloupe lava dome from simultaneous muon radiographies and gravity data},
  journal = {Geophysical Research Letters}
}

@article{Marteau2012Noise,
  doi = {10.1016/j.nima.2011.11.061},
  url = {https://doi.org/10.1016/j.nima.2011.11.061},
  year  = {2012},
  month = {dec},
  publisher = {Elsevier {BV}},
  volume = {695},
  pages = {23--28},
  author = {J. Marteau and D. Gibert and N. Lesparre and F. Nicollin and P. Noli and F. Giacoppo},
  title = {Muons tomography applied to geosciences and volcanology},
  journal = {Nuclear Instruments and Methods in Physics Research Section A: Accelerators,  Spectrometers,  Detectors and Associated Equipment}
}

@article{Lesparre2010,
  doi = {10.1111/j.1365-246x.2010.04790.x},
  url = {https://doi.org/10.1111/j.1365-246x.2010.04790.x},
  year  = {2010},
  month = {oct},
  publisher = {Oxford University Press ({OUP})},
  volume = {183},
  number = {3},
  pages = {1348--1361},
  author = {N. Lesparre and D. Gibert and J. Marteau and Y. D{\'{e}}clais and D. Carbone and E. Galichet},
  title = {Geophysical muon imaging: feasibility and limits},
  journal = {Geophysical Journal International}
}

@article{Lesparre2012,
  doi = {10.5194/gi-1-33-2012},
  url = {https://doi.org/10.5194/gi-1-33-2012},
  year  = {2012},
  month = {apr},
  publisher = {Copernicus {GmbH}},
  volume = {1},
  number = {1},
  pages = {33--42},
  author = {N. Lesparre and J. Marteau and Y. D{\'{e}}clais and D. Gibert and B. Carlus and F. Nicollin and B. Kergosien},
  title = {Design and operation of a field telescope for cosmic ray geophysical tomography},
  journal = {Geoscientific Instrumentation,  Methods and Data Systems}
}

@article{Lesparre2011,
  doi = {10.1111/j.1365-246x.2011.05268.x},
  url = {https://doi.org/10.1111/j.1365-246x.2011.05268.x},
  year  = {2011},
  month = {nov},
  publisher = {Oxford University Press ({OUP})},
  volume = {188},
  number = {2},
  pages = {490--497},
  author = {N. Lesparre and D. Gibert and J. Marteau},
  title = {Bayesian dual inversion of experimental telescope acceptance and integrated flux for geophysical muon tomography},
  journal = {Geophysical Journal International}
}

@article{Tanaka2009,
  doi = {10.1029/2008gl036451},
  url = {https://doi.org/10.1029/2008gl036451},
  year  = {2009},
  month = {jan},
  publisher = {Wiley-Blackwell},
  volume = {36},
  number = {1},
  author = {H. K.  Tanaka and T. Uchida and M. Tanaka and H. Shinohara and H. Taira},
  title = {Cosmic-ray muon imaging of magma in a conduit: Degassing process of Satsuma-Iwojima Volcano,  Japan},
  journal = {Geophysical Research Letters}
}

@article{Tanaka2005,
  title={Probing the inner structure of blast furnaces by cosmic-ray muon radiography},
  author={K. Nagamine and H. K. Tanaka and S. N. Nakamura and K. Ishida and M. Hashimoto and A. Shinotake and M. Naito and A. Hatanaka},
  journal={Proceedings of the Japan Academy, Series B},
  volume={81},
  number={7},
  pages={257-260},
  year={2005},
  doi={10.2183/pjab.81.257}
}


@article{Menedeu2016,
  doi = {10.1088/1748-0221/11/06/c06009},
  url = {https://doi.org/10.1088/1748-0221/11/06/c06009},
  year  = {2016},
  month = {jun},
  publisher = {{IOP} Publishing},
  volume = {11},
  number = {06},
  pages = {C06009--C06009},
  author = {E. Le Menedeu},
  title = {{RPC} application in muography and specific developments},
  journal = {Journal of Instrumentation}
}



